<?xml version="1.0" encoding="UTF-8"?><collection xmlns="http://www.loc.gov/MARC21/slim"><record><leader>00532nam--2200193-i-4500</leader><controlfield tag="001">000010260</controlfield><controlfield tag="002">20161230</controlfield><controlfield tag="005">20161230201028</controlfield><controlfield tag="008">060222s1000------------r-----000-0-rum-d</controlfield><datafield ind1=" " ind2=" " tag="040"><subfield code="a">IFIN-HH</subfield></datafield><datafield ind1=" " ind2=" " tag="041"><subfield code="a">rum</subfield></datafield><datafield ind1=" " ind2=" " tag="080"><subfield code="a">537.531:535.12:539.125.5.170</subfield></datafield><datafield ind1="1" ind2=" " tag="100"><subfield code="a">Bally, Dorel</subfield></datafield><datafield ind1="1" ind2="0" tag="245"><subfield code="a">Difractia razelor x si a neutronilor</subfield><subfield code="c">Dorel bally; ludmila benes; rodica manaila</subfield></datafield><datafield ind1=" " ind2=" " tag="260"><subfield code="a">Bucuresti</subfield><subfield code="b">Editura Tehnica</subfield><subfield code="c">1972</subfield></datafield><datafield ind1=" " ind2=" " tag="300"><subfield code="a">452 P</subfield></datafield><datafield ind1="1" ind2=" " tag="700"><subfield code="a">Manaila, Rodica</subfield></datafield><datafield ind1=" " ind2=" " tag="852"><subfield code="a">37070</subfield><subfield code="c">535</subfield></datafield><datafield ind1=" " ind2=" " tag="CAT"><subfield code="a">Sys</subfield><subfield code="c">20101115</subfield><subfield code="h">144459</subfield></datafield></record></collection>